2309 3749
593 387 1653 94 ⁋La tarde del 21 fue para mí de mucho

381 462 1806 87 regocijo, no creas que tuve muchachas a

378 531 1874 90 mi lado, no nada de eso, ese contento me

371 593 1872 100 lo proporcionó la lectura de tu estimable

396 659 1819 93 del 19. ¡Cuánto debe alegrar al Gobierno

406 727 1806 94 tu conducta, y cuanto lo hará sufrir la

415 796 1822 100 pachocha con que andan los de la alta fron-

399 865 1841 103 tera! ¿Que no pensaran por allá que mar-

390 940 1856 94 chando así te comprometía ó hacen mas di-

371 1002 1869 103 latados tus procedimientos? Yo no sé que pen-

381 1077 1837 85 sar, en aquella division tienen elementos

387 1137 1793 93 superiores a la tuya, anda soy seguro he-

403 1193 1774 125 chando á perder al Ten^te Coronel de Art^a

399 1240 1735 178 é In^te D^n José T. Gonzales y quien sabe

381 1337 1849 115 cuantos personajes como este: en tu pobre

396 1415 1838 106 y afortunada manufactura de angelitos,

359 1483 1890 126 no hay notabilidades, pero vive Dios, que

396 1540 600 128 hay laureles.

693 1618 1562 97 ⁋A mi llegada á Lota me dijeron: Ma-

415 1687 1837 100 lo vá el asunto por arriba, los indios han

421 1749 1831 100 avasallado la division y muértoles más de 20.

415 1815 1831 90 Mas tarde los indios han vuelto á sorpren-

446 1883 1759 91 der el ejércíto y han sido tanto los

434 1949 1781 100 muertos que el jefe ha resuelto volver-

424 2021 1825 84 se á Los Ángeles. ¿Habrá mayor desca-

428 2090 1806 90 ro para mentir? Caramba, cuanto siento

418 2155 1778 97 no poder hechar el guante á estos embusteros

424 2227 1791 94 para tenerlos á mi lado, soy seguro que no

403 2299 1565 100 volverian á hacer correr mas balas.

653 2355 1593 100 ⁋Por estos lugares todo marcha en paz;  pero

417 2427 1835 94 los hombres parece que viven calculando en el

328 2493 1924 94 fonto que tienen soñando y que nosotros velamos.

368 2558 1869 103 En la carta adjunta verás que me reitera d^n

384 2627 1868 100 Cornelio el mismo asunto y juzgando yo que

428 2708 1784 81 en caso de haberse realizado en el Perú el

406 2761 1824 91 negocio de las armas deben llegar por mo-

403 2830 1840 94 mentos, no creo prudente separarme de

415 2899 1837 97 estos lugares, por el contrario, si pudiese du-

412 2958 1840 106 plicarme estaría de planton en Coronel

378 3027 1852 106 para registrar la carga de los buques y vigi-

378 3092 1868 104 laría lo demas; pero esto no se puede hacer,

384 3161 1843 97 soy solo, el Meteoro que podia hacerlo

349 3224 1856 103 tiene órdenes reservadas del Presidente y

356 3305 1853 97 se mueve cada vez que lo cree conveniente,

349 3367 1885 143 cosa que no haría yo, porque podrían ju-

356 3449 406 96 garmela

724 146 1447 169 ⁋Bahia de Arauco, Enero 23 de 1860

2115 71 47 91 1

824 312 894 103 ⁋Mi amigo querido
